  %%%%%%%%%%%%%%%%%%%%%%%%%%%%%%%%%%%%%%%%%%%%%%%%%%%%%%%%%%%%%%%%%%%%%%%%%%%%%%%%
% BIBLIOGRAFÍA                                                                 %
%                                                                              %
% Objetivo: Recopilar las referencias a información utilizadas y/o algunas     %
%           otras que puedan resultar interesantes                             %
%%%%%%%%%%%%%%%%%%%%%%%%%%%%%%%%%%%%%%%%%%%%%%%%%%%%%%%%%%%%%%%%%%%%%%%%%%%%%%%%
@article{PrincipalesCifrasSiniestralidad,
	title = {Las principales cifras de la {Siniestralidad} de los {Ciclistas}. {España} 2016},
  url = {http://www.dgt.es/Galerias/seguridad-vial/estadisticas-e-indicadores/publicaciones/informes-monograficos/2017-2430_Las_principales_cifras_de_siniestralidad_ciclistas_2016_ACCESIBLE.pdf},
	language = {es},
  author = {Dirección General de Tráfico},
  year = {2017},
  pages = {83},
	file = {Las principales cifras de la Siniestralidad de los.pdf:/home/sergio/Zotero/storage/SIEWMI87/Las principales cifras de la Siniestralidad de los.pdf:application/pdf}
}

@article{ESTUDIOANALISISSINIESTRALIDAD,
	title = {{ESTUDIO}: {ANÁLISIS} {DE} {LA} {SINIESTRALIDAD} {EN} {CICLISTAS}. 2008-2013},
  url = {https://www.antena3.com/a3document/2016/04/25/DOCUMENTS/01109/01109.pdf},
  author = {Institut de Trànsit i Seguretat Viària FACTHUM.lab Universiat de València},
	language = {es},
	year = {2016},
	pages = {110},
	file = {ESTUDIO ANÁLISIS DE LA SINIESTRALIDAD EN CICLISTA.pdf:/home/sergio/Zotero/storage/9EK3UXP3/ESTUDIO ANÁLISIS DE LA SINIESTRALIDAD EN CICLISTA.pdf:application/pdf}
}

@article{edewaardNighttimeConspicuityBenefits2017,
	title = {The {Nighttime} {Conspicuity} {Benefits} of {Static} and {Dynamic} {Bicycle} {Taillights}},
	url = {https://tigerprints.clemson.edu/all_theses/2620},
	journal = {All Theses},
	author = {Edewaard, Darlene},
	month = may,
	year = {2017},
	annote = {Edewaard, Darlene Elise, "The Nighttime Conspicuity Benefits of Static and Dynamic Bicycle Taillights" (2017). All Theses. 2620.
https://tigerprints.clemson.edu/all\_theses/2620 },
	file = {"The Nighttime Conspicuity Benefits of Static and Dynamic Bicycle Taill" by Darlene Elise Edewaard:/home/sergio/Zotero/storage/5JAWHKME/2620.html:text/html}
}

@misc{Fly6CERear,
	title = {Fly6 {CE} - {Rear} {HD} {Bike} {Camera} + {Light}},
	url = {https://cycliq.com/bike-cameras/fly6ce/},
	abstract = {Fly6 CE rear-facing bike camera gives 1080p video and bright 100 lumen light with 7 hour battery life. The dashcam engineered for cyclists.},
	language = {en-AU},
	urldate = {2019-09-02},
	journal = {Cycliq - Bike Camera and Safety Lights},
	file = {Snapshot:/home/sergio/Zotero/storage/AE4N3929/fly6ce.html:text/html}
}

@misc{HEXAGONCameraSignals,
	title = {{HEXAGON} - {Camera}, {Signals}, \& {Sensors} for {Cyclists}},
	url = {https://www.indiegogo.com/projects/2059770},
	abstract = {With a full HD camera, power bank, crash sensor, \& more HEXAGON is the ultimate safety device. {\textbar} Check out 'HEXAGON -  Camera, Signals, \& Sensors for Cyclists' on Indiegogo.},
	language = {en},
	urldate = {2019-09-02},
	journal = {Indiegogo},
	file = {Snapshot:/home/sergio/Zotero/storage/6QM45J2H/hexagon-camera-signals-sensors-for-cyclists.html:text/html}
}

@book{molloyRaspberryPiFondo2018,
	address = {Barceloina},
	title = {Raspberry {Pi}® a fondo para desarrolladores},
	isbn = {978-84-267-2470-0},
	publisher = {Marcombo},
	author = {Molloy, Derek},
	year = {2018},
	keywords = {Raspberry Pi (Ordenador)},
	annote = {Traducción de: Exploring Raspberry Pi®}
}

@misc{garffUserspaceRaspberryPi2019,
	title = {Userspace {Raspberry} {Pi} {PWM} library for {WS}281X {LEDs}: jgarff/rpi\_ws281x},
	copyright = {BSD-2-Clause},
	shorttitle = {Userspace {Raspberry} {Pi} {PWM} library for {WS}281X {LEDs}},
	url = {https://github.com/jgarff/rpi_ws281x},
	urldate = {2019-08-19},
	author = {Garff, Jeremy},
	month = aug,
	year = {2019},
	note = {original-date: 2014-09-03T13:18:19Z}
}

@book{mocqRaspberryPiPi2017,
	address = {Cornellá de Llobregat},
	series = {Recursos {Informáticos}},
	title = {Raspberry {Pi} 3 o {Pi} {Zero}: explote todo el potencial de su nano-ordenador},
	isbn = {978-2-409-00844-3},
	shorttitle = {Raspberry {Pi} 3 o {Pi} {Zero}},
	publisher = {ENI},
	author = {Mocq, François},
	year = {2017},
	keywords = {Raspberry Pi (Ordenador)},
	annote = {Índice}
}

@misc{bullGuideSettingLiPo2019,
	title = {Guide to setting up {LiPo} batteries on the {Raspberry} {Pi}: {NeonHorizon}/lipopi},
	copyright = {GPL-3.0},
	shorttitle = {Guide to setting up {LiPo} batteries on the {Raspberry} {Pi}},
	url = {https://github.com/NeonHorizon/lipopi},
	urldate = {2019-08-19},
	author = {Bull, Daniel},
	month = aug,
	year = {2019},
	note = {original-date: 2015-12-13T21:37:39Z}
}

@book{leivaKotlinAndroidDevelopers2018,
	title = {Kotlin for {Android} {Developers}: {Learn} {Kotlin} the easy way while developing an {Android} {App}},
	shorttitle = {Kotlin for {Android} {Developers}},
	publisher = {Leanpub},
	author = {Leiva, Antonio},
	year = {2018}
}

@misc{UnderstandActivityLifecyclea,
	title = {Understand the {Activity} {Lifecycle} {\textbar} {Desarrolladores} de {Android}},
	url = {https://developer.android.com/guide/components/activities/activity-lifecycle},
	abstract = {An Activity is an application component that provides a screen with which users can interact in order to do something, such as dial the phone, take a photo, send an email, or view a map. Each activity is given a window in which to draw its user interface…},
	language = {en},
	urldate = {2019-09-02},
	journal = {Android Developers},
	file = {Snapshot:/home/sergio/Zotero/storage/5UUTM52P/activity-lifecycle.html:text/html}
}

@misc{Sensors,
	title = {Sensors},
	url = {https://developer.android.com/guide/topics/sensors},
	language = {en},
	urldate = {2019-09-01},
	journal = {Android Developers},
	file = {Snapshot:/home/sergio/Zotero/storage/9RLZ6JUU/sensors.html:text/html}
}

@misc{MediaCodec,
	title = {{MediaCodec}},
	url = {https://developer.android.com/reference/android/media/MediaCodec},
	language = {en},
	urldate = {2019-08-23},
	journal = {Android Developers},
	file = {Snapshot:/home/sergio/Zotero/storage/CCXRY87U/MediaCodec.html:text/html}
}

@misc{consti10ContributeConsti10MyMediaCodecPlayerforFPV2018a,
	title = {Contribute to {Consti}10/{myMediaCodecPlayer}-for-{FPV} development by creating an account on {GitHub}},
	url = {https://github.com/Consti10/myMediaCodecPlayer-for-FPV},
	urldate = {2019-08-29},
	author = {Consti10},
	month = nov,
	year = {2018},
	note = {original-date: 2015-12-28T11:18:13Z}
}

@misc{Lux2019,
	title = {Lux},
	copyright = {Creative Commons Attribution-ShareAlike License},
	url = {https://en.wikipedia.org/w/index.php?title=Lux&oldid=910867975},
	abstract = {The lux (symbol: lx) is the SI derived unit of illuminance and luminous emittance, measuring luminous flux per unit area. It is equal to one lumen per square metre. In photometry, this is used as a measure of the intensity, as perceived by the human eye, of light that hits or passes through a surface. It is analogous to the radiometric unit watt per square metre, but with the power at each wavelength weighted according to the luminosity function, a standardized model of human visual brightness perception. In English, "lux" is used as both the singular and plural form.},
	language = {en},
	urldate = {2019-09-04},
	journal = {Wikipedia},
	month = aug,
	year = {2019},
	note = {Page Version ID: 910867975},
	file = {Snapshot:/home/sergio/Zotero/storage/6PLG93G4/index.html:text/html}
}

@misc{PercepionVisual,
	title = {Percepion {Visual}},
	author = {Vicente González Ruiz},
	year = {2014},
	url = {https://w3.ual.es/~vruiz/Docencia/Apuntes/Perception/Visual/index.html},
	urldate = {2019-09-04},
	file = {Percepion Visual:/home/sergio/Zotero/storage/XKIUC943/index.html:text/html}
}

@misc{WS2812BDatasheet,
	title = {WS2812B Intelligent control LED integrated light source},
	url = {https://cycliq.com/bike-cameras/fly6ce/},
	language = {en},
	urldate = {2019-09-02},
}

@misc{Instruccion18S146,
	title = {WS2812B Intelligent control LED integrated light source},
  abstract = {Denuncias por “luces parpadeantes” en bicicletas},
  author = {Dirección General de Tráfico},
	url = {https://www.juntadeandalucia.es/export/drupaljda/Instruccion_18_S_146_luces_parpadeantes_bicicletas.pdf},
	language = {en},
	urldate = {2019-09-02},
}

@misc{BOEEsDocumento,
  title = {Ley Orgánica 3/2018, de 5 de diciembre, de Protección de Datos Personales y garantía de los derechos digitales},
  author = {Jefatura del Estado},
  publisher = {BOE},
  url = {https://www.boe.es/eli/es/lo/2018/12/05/3},
  file = {/home/sergio/Zotero/storage/WTSYGFI8/doc.html}
}
